@book{murio2011mollification,
  title={The mollification method and the numerical solution of ill-posed problems},
  author={Murio, Diego A},
  year={2011},
  publisher={John Wiley \& Sons}
}

@article{bozzoli2013experimental,
  title={Experimental validation of the filtering technique approach applied to the restoration of the heat source field},
  author={Bozzoli, F and Pagliarini, G and Rainieri, S},
  journal={Experimental Thermal and Fluid Science},
  volume={44},
  pages={858--867},
  year={2013},
  publisher={Elsevier}
}

@article{bozzoli2014estimation,
  title={Estimation of the local heat-transfer coefficient in the laminar flow regime in coiled tubes by the Tikhonov regularisation method},
  author={Bozzoli, Fabio and Cattani, Luca and Rainieri, Sara and Baz{\'a}n, Ferm{\'\i}n S Viloche and Borges, Leonardo S},
  journal={International Journal of Heat and Mass Transfer},
  volume={72},
  pages={352--361},
  year={2014},
  publisher={Elsevier}
}

@article{wang2004bayesian,
  title={A Bayesian inference approach to the inverse heat conduction problem},
  author={Wang, Jingbo and Zabaras, Nicholas},
  journal={International Journal of Heat and Mass Transfer},
  volume={47},
  number={17-18},
  pages={3927--3941},
  year={2004},
  publisher={Elsevier}
}

@book{alifanov2012inverse,
  title={Inverse heat transfer problems},
  author={Alifanov, Oleg M},
  year={2012},
  publisher={Springer Science \& Business Media}
}

@book{tikhonov2013numerical,
  title={Numerical methods for the solution of ill-posed problems},
  author={Tikhonov, Andre{\u\i} Nikolaevich and Goncharsky, A and Stepanov, vv and Yagola, Anatoly G},
  volume={328},
  year={2013},
  publisher={Springer Science \& Business Media}
}

@article{okamoto2007regularization,
  title={A regularization method for the inverse design of solidification processes with natural convection},
  author={Okamoto, K and Li, BQ},
  journal={International journal of heat and mass transfer},
  volume={50},
  number={21-22},
  pages={4409--4423},
  year={2007},
  publisher={Elsevier}
}

@article{yang2010method,
  title={The method of simplified Tikhonov regularization for dealing with the inverse time-dependent heat source problem},
  author={Yang, Fan and Fu, Chu-Li},
  journal={Computers \& Mathematics with Applications},
  volume={60},
  number={5},
  pages={1228--1236},
  year={2010},
  publisher={Elsevier}
}

@article{yang2010simplified,
  title={A simplified Tikhonov regularization method for determining the heat source},
  author={Yang, Fan and Fu, Chu-Li},
  journal={Applied Mathematical Modelling},
  volume={34},
  number={11},
  pages={3286--3299},
  year={2010},
  publisher={Elsevier}
}

@article{hazanee2013inverse,
  title={An inverse time-dependent source problem for the heat equation},
  author={Hazanee, A and Ismailov, MI and Lesnic, D and Kerimov, NB},
  journal={Applied Numerical Mathematics},
  volume={69},
  pages={13--33},
  year={2013},
  publisher={Elsevier}
}

@article{farcas2006boundary,
  title={The boundary-element method for the determination of a heat source dependent on one variable},
  author={Farcas, Adrian and Lesnic, Daniel},
  journal={Journal of Engineering Mathematics},
  volume={54},
  number={4},
  pages={375--388},
  year={2006},
  publisher={Springer}
}

@article{woodbury2013estimation,
  title={Estimation metrics and optimal regularization in a Tikhonov digital filter for the inverse heat conduction problem},
  author={Woodbury, Keith A and Beck, James V},
  journal={International Journal of Heat and Mass Transfer},
  volume={62},
  pages={31--39},
  year={2013},
  publisher={Elsevier}
}

@inproceedings{erturk2001comparison,
  title={Comparison of three regularized solution techniques in a three-dimensional inverse radiation problem},
  author={Erturk, Hakan and Ezekoye, Ofodike A and Howell, John R},
  booktitle={ICHMT DIGITAL LIBRARY ONLINE},
  year={2001},
  organization={Begel House Inc.}
}

@article{beck1996comparison,
  title={Comparison of some inverse heat conduction methods using experimental data},
  author={Beck, JV and Blackwell, B and Haji-Sheikh, A},
  journal={International Journal of Heat and Mass Transfer},
  volume={39},
  number={17},
  pages={3649--3657},
  year={1996},
  publisher={Elsevier}
}

@article{cabeza2005sequential,
  title={A sequential algorithm of inverse heat conduction problems using singular value decomposition},
  author={Cabeza, Jos{\'e} Mar{\'\i}a Guti{\'e}rrez and Garc{\'\i}a, Juan Andr{\'e}s Mart{\'\i}n and Rodr{\'\i}guez, Alfonso Corz},
  journal={International Journal of Thermal Sciences},
  volume={44},
  number={3},
  pages={235--244},
  year={2005},
  publisher={Elsevier}
}

@article{chantasiriwan2001algorithm,
  title={An algorithm for solving multidimensional inverse heat conduction problem},
  author={Chantasiriwan, Somchart},
  journal={International Journal of Heat and Mass Transfer},
  volume={44},
  number={20},
  pages={3823--3832},
  year={2001},
  publisher={Elsevier}
}

@article{zabaras1988analysis,
  title={An analysis of two-dimensional linear inverse heat transfer problems using an integral method},
  author={Zabaras, Nicholas and Liu, Joshua C},
  journal={Numerical Heat Transfer, Part A Applications},
  volume={13},
  number={4},
  pages={527--533},
  year={1988},
  publisher={Taylor \& Francis}
}

@article{rouquette2007estimation,
  title={Estimation of the parameters of a Gaussian heat source by the Levenberg--Marquardt method: Application to the electron beam welding},
  author={Rouquette, S and Guo, J and Le Masson, Philippe},
  journal={International Journal of Thermal Sciences},
  volume={46},
  number={2},
  pages={128--138},
  year={2007},
  publisher={Elsevier}
}

@article{mierzwiczak2010application,
  title={Application of the method of fundamental solutions and radial basis functions for inverse transient heat source problem},
  author={Mierzwiczak, Magdalena and Ko{\l}odziej, Jan Adam},
  journal={Computer Physics Communications},
  volume={181},
  number={12},
  pages={2035--2043},
  year={2010},
  publisher={Elsevier}
}

@article{dou2009optimal,
  title={Optimal error bound and Fourier regularization for identifying an unknown source in the heat equation},
  author={Dou, Fang-Fang and Fu, Chu-Li and Yang, Feng-Lian},
  journal={Journal of Computational and Applied Mathematics},
  volume={230},
  number={2},
  pages={728--737},
  year={2009},
  publisher={Elsevier}
}

@article{liu2008bayesian,
  title={A Bayesian analysis of the thermal challenge problem},
  author={Liu, F and Bayarri, MJ and Berger, JO and Paulo, R and Sacks, J},
  journal={Computer Methods in Applied Mechanics and Engineering},
  volume={197},
  number={29-32},
  pages={2457--2466},
  year={2008},
  publisher={Elsevier}
}

@article{parthasarathy2008estimation,
  title={Estimation of parameters in multi-mode heat transfer problems using Bayesian inference--Effect of noise and a priori},
  author={Parthasarathy, Siddharth and Balaji, C},
  journal={International Journal of Heat and Mass Transfer},
  volume={51},
  number={9-10},
  pages={2313--2334},
  year={2008},
  publisher={Elsevier}
}



@article{wang2005using,
  title={Using Bayesian statistics in the estimation of heat source in radiation},
  author={Wang, Jingbo and Zabaras, Nicholas},
  journal={International Journal of Heat and Mass Transfer},
  volume={48},
  number={1},
  pages={15--29},
  year={2005},
  publisher={Elsevier}
}


@article{pritchard1999population,
  title={Population growth of human Y chromosomes: a study of Y chromosome microsatellites.},
  author={Pritchard, Jonathan K and Seielstad, Mark T and Perez-Lezaun, Anna and Feldman, Marcus W},
  journal={Molecular biology and evolution},
  volume={16},
  number={12},
  pages={1791--1798},
  year={1999},
  publisher={Oxford University Press}
}

@article{beaumont2002approximate,
  title={Approximate Bayesian computation in population genetics},
  author={Beaumont, Mark A and Zhang, Wenyang and Balding, David J},
  journal={Genetics},
  volume={162},
  number={4},
  pages={2025--2035},
  year={2002},
  publisher={Genetics Soc America}
}

@article{bortot2007inference,
  title={Inference for stereological extremes},
  author={Bortot, Paola and Coles, Stuart G and Sisson, Scott A},
  journal={Journal of the American Statistical Association},
  volume={102},
  number={477},
  pages={84--92},
  year={2007},
  publisher={Taylor \& Francis}
}

@article{marjoram2003markov,
  title={Markov chain Monte Carlo without likelihoods},
  author={Marjoram, Paul and Molitor, John and Plagnol, Vincent and Tavar{\'e}, Simon},
  journal={Proceedings of the National Academy of Sciences},
  volume={100},
  number={26},
  pages={15324--15328},
  year={2003},
  publisher={National Acad Sciences}
}

@article{sisson2007sequential,
  title={Sequential monte carlo without likelihoods},
  author={Sisson, Scott A and Fan, Yanan and Tanaka, Mark M},
  journal={Proceedings of the National Academy of Sciences},
  volume={104},
  number={6},
  pages={1760--1765},
  year={2007},
  publisher={National Acad Sciences}
}

@article{beaumont2009adaptive,
  title={Adaptive approximate Bayesian computation},
  author={Beaumont, Mark A and Cornuet, Jean-Marie and Marin, Jean-Michel and Robert, Christian P},
  journal={Biometrika},
  volume={96},
  number={4},
  pages={983--990},
  year={2009},
  publisher={Oxford University Press}
}

@article{beaumont2010approximate,
  title={Approximate Bayesian computation in evolution and ecology},
  author={Beaumont, Mark A},
  journal={Annual review of ecology, evolution, and systematics},
  volume={41},
  pages={379--406},
  year={2010},
  publisher={Annual Reviews}
}

@article{toni2009approximate,
  title={Approximate Bayesian computation scheme for parameter inference and model selection in dynamical systems},
  author={Toni, Tina and Welch, David and Strelkowa, Natalja and Ipsen, Andreas and Stumpf, Michael PH},
  journal={Journal of the Royal Society Interface},
  volume={6},
  number={31},
  pages={187--202},
  year={2009},
  publisher={The Royal Society}
}

@article{yang1998solving,
  title={Solving the two-dimensional inverse heat source problem through the linear least squares error method},
  author={Yang, Ching-Yu},
  journal={International Journal of Heat and Mass Transfer},
  volume={41},
  number={2},
  pages={393--398},
  year={1998},
  publisher={Elsevier}
}

@article{yang1999determination,
  title={The determination of two heat sources in an inverse heat conduction problem},
  author={Yang, Ching-yu},
  journal={International journal of heat and mass transfer},
  volume={42},
  number={2},
  pages={345--356},
  year={1999},
  publisher={Elsevier}
}

@article{le2001multiple,
  title={Multiple transient point heat sources identification in heat diffusion: application to numerical two-and three-dimensional problems},
  author={Le Niliot, Christophe and Lefevre, Frederic},
  journal={Numerical Heat Transfer: Part B: Fundamentals},
  volume={39},
  number={3},
  pages={277--301},
  year={2001},
  publisher={Taylor \& Francis}
}

@article{krizek1998finite,
  title={Finite element approximation of a nonlinear heat conduction problem in anisotropic media},
  author={Krizek, Michal and Liu, Liping},
  journal={Computer methods in applied mechanics and engineering},
  volume={157},
  number={3-4},
  pages={387--397},
  year={1998},
  publisher={Elsevier Science Publishing Company, Inc.}
}

@article{yi2004source,
  title={Source term identification in 1-D IHCP},
  author={Yi, Zh and Murio, DA},
  journal={Computers \& Mathematics with Applications},
  volume={47},
  number={12},
  pages={1921--1933},
  year={2004},
  publisher={Pergamon Press, Inc.}
}

@article{palma2012non,
  title={Non-linear finite element formulation applied to thermoelectric materials under hyperbolic heat conduction model},
  author={Palma, Roberto and P{\'e}rez-Aparicio, Jos{\'e} L and Taylor, RL},
  journal={Computer Methods in Applied Mechanics and Engineering},
  volume={213},
  pages={93--103},
  year={2012},
  publisher={Elsevier}
}

@article{lin2007estimation,
  title={The estimation of the strength of the heat source in the heat conduction problems},
  author={Lin, David TW and Yang, Ching-yu},
  journal={Applied Mathematical Modelling},
  volume={31},
  number={12},
  pages={2696--2710},
  year={2007},
  publisher={Elsevier}
}

@article{fatullayev2002numerical,
  title={Numerical solution of the inverse problem of determining an unknown source term in a heat equation},
  author={Fatullayev, Afet Golayoglu},
  journal={Mathematics and Computers in Simulation},
  volume={58},
  number={3},
  pages={247--253},
  year={2002},
  publisher={Elsevier}
}

@article{yan2010computational,
  title={A computational method for identifying a spacewise-dependent heat source},
  author={Yan, Liang and Fu, Chu-Li and Dou, Fang-Fang},
  journal={International Journal for Numerical Methods in Biomedical Engineering},
  volume={26},
  number={5},
  pages={597--608},
  year={2010},
  publisher={Wiley Online Library}
}

@article{sutradhar2004simple,
  title={The simple boundary element method for transient heat conduction in functionally graded materials},
  author={Sutradhar, Alok and Paulino, Glaucio H},
  journal={Computer Methods in Applied Mechanics and Engineering},
  volume={193},
  number={42-44},
  pages={4511--4539},
  year={2004},
  publisher={Elsevier}
}

@article{tanaka2006dual,
  title={Dual reciprocity BEM for time-stepping approach to the transient heat conduction problem in nonlinear materials},
  author={Tanaka, Masataka and Matsumoto, Toshiro and Takakuwa, Susumu},
  journal={Computer methods in applied mechanics and engineering},
  volume={195},
  number={37-40},
  pages={4953--4961},
  year={2006},
  publisher={Elsevier}
}

@article{martin1996inverse,
  title={Inverse determination of boundary conditions and sources in steady heat conduction with heat generation},
  author={Martin, TJ and Dulikravich, GS},
  journal={Journal of heat transfer},
  volume={118},
  number={3},
  pages={546--554},
  year={1996},
  publisher={American Society of Mechanical Engineers}
}

@article{singh2001dual,
  title={Dual reciprocity boundary element analysis of inverse heat conduction problems},
  author={Singh, Krishna M and Tanaka, Masataka},
  journal={Computer methods in applied mechanics and engineering},
  volume={190},
  number={40-41},
  pages={5283--5295},
  year={2001},
  publisher={Elsevier}
}

@article{lefevre2002bem,
  title={The BEM for point heat source estimation: application to multiple static sources and moving sources},
  author={Lef{\`e}vre, Fr{\'e}d{\'e}ric and Le Niliot, Christophe},
  journal={International Journal of Thermal Sciences},
  volume={41},
  number={6},
  pages={536--545},
  year={2002},
  publisher={Elsevier}
}

@article{yang20022d,
  title={2D and 3D transient heat conduction analysis by BEM via particular integrals},
  author={Yang, MT and Park, KH and Banerjee, PK},
  journal={Computer Methods in Applied Mechanics and Engineering},
  volume={191},
  number={15-16},
  pages={1701--1722},
  year={2002},
  publisher={Elsevier}
}

@article{yan2009meshless,
  title={A meshless method for solving an inverse spacewise-dependent heat source problem},
  author={Yan, Liang and Yang, Feng-Lian and Fu, Chu-Li},
  journal={Journal of Computational Physics},
  volume={228},
  number={1},
  pages={123--136},
  year={2009},
  publisher={Elsevier}
}

@article{sherman1950adjustment,
  title={Adjustment of an inverse matrix corresponding to a change in one element of a given matrix},
  author={Sherman, Jack and Morrison, Winifred J},
  journal={The Annals of Mathematical Statistics},
  volume={21},
  number={1},
  pages={124--127},
  year={1950},
  publisher={JSTOR}
}

@article{davis1999modifying,
  title={Modifying a sparse Cholesky factorization},
  author={Davis, Timothy A and Hager, William W},
  journal={SIAM Journal on Matrix Analysis and Applications},
  volume={20},
  number={3},
  pages={606--627},
  year={1999},
  publisher={SIAM}
}

@article{akgun2001fast,
  title={Fast exact linear and non-linear structural reanalysis and the Sherman--Morrison--Woodbury formulas},
  author={Akg{\"u}n, Mehmet A and Garcelon, John H and Haftka, Raphael T},
  journal={International Journal for Numerical Methods in Engineering},
  volume={50},
  number={7},
  pages={1587--1606},
  year={2001},
  publisher={Wiley Online Library}
}

@article{kirsch1998improved,
  title={An improved reanalysis method for grillage-type structures},
  author={Kirsch, U and Moses, F},
  journal={Computers \& structures},
  volume={68},
  number={1-3},
  pages={79--88},
  year={1998},
  publisher={Elsevier}
}

@article{kirsch2001exact,
  title={Exact and accurate reanalysis of structures for geometrical changes},
  author={Kirsch, U and Papalambros, Panos Y},
  journal={Engineering with Computers},
  volume={17},
  number={4},
  pages={363--372},
  year={2001},
  publisher={Springer}
}

@article{kirsch2006nonlinear,
  title={Nonlinear dynamic reanalysis of structures by combined approximations},
  author={Kirsch, U and Bogomolni, M and Sheinman, I},
  journal={Computer methods in applied mechanics and engineering},
  volume={195},
  number={33-36},
  pages={4420--4432},
  year={2006},
  publisher={Elsevier}
}

@article{gao2013adaptive,
  title={An adaptive time-based global method for dynamic reanalysis},
  author={Gao, Guoqiang and Wang, Hu and Li, Guangyao},
  journal={Structural and Multidisciplinary Optimization},
  volume={48},
  number={2},
  pages={355--365},
  year={2013},
  publisher={Springer}
}

@article{zhang2009efficient,
  title={An efficient re-analysis methodology for probabilistic vibration of large-scale structures},
  author={Zhang, Geng and Nikolaidis, Efstratios and Mourelatos, Zissimos P},
  journal={Journal of Mechanical Design},
  volume={131},
  number={5},
  pages={051007},
  year={2009},
  publisher={American Society of Mechanical Engineers}
}

@article{wang2016seen,
  title={“Seen Is Solution” a CAD/CAE integrated parallel reanalysis design system},
  author={Wang, Hu and Zeng, Yang and Li, Enying and Huang, Guangxin and Gao, Guoqiang and Li, Guangyao},
  journal={Computer Methods in Applied Mechanics and Engineering},
  volume={299},
  pages={187--214},
  year={2016},
  publisher={Elsevier}
}

@article{joyce2008approximately,
  title={Approximately sufficient statistics and Bayesian computation},
  author={Joyce, Paul and Marjoram, Paul},
  journal={Statistical applications in genetics and molecular biology},
  volume={7},
  number={1},
  year={2008},
  publisher={De Gruyter}
}

@article{fearnhead2012constructing,
  title={Constructing summary statistics for approximate Bayesian computation: semi-automatic approximate Bayesian computation},
  author={Fearnhead, Paul and Prangle, Dennis},
  journal={Journal of the Royal Statistical Society: Series B (Statistical Methodology)},
  volume={74},
  number={3},
  pages={419--474},
  year={2012},
  publisher={Wiley Online Library}
}

@article{feng2016fast,
  title={Fast and efficient analysis of transient nonlinear heat conduction problems using combined approximations (CA) method},
  author={Feng, SZ and Cui, XY and Li, AM},
  journal={International Journal of Heat and Mass Transfer},
  volume={97},
  pages={638--644},
  year={2016},
  publisher={Elsevier}
}

@article{cui2016steady,
  title={Steady and transient heat transfer analysis using a stable node-based smoothed finite element method},
  author={Cui, XY and Li, ZC and Feng, H and Feng, SZ},
  journal={International Journal of Thermal Sciences},
  volume={110},
  pages={12--25},
  year={2016},
  publisher={Elsevier}
}

@article{sunnaaker2013approximate,
  title={Approximate bayesian computation},
  author={Sunn{\aa}ker, Mikael and Busetto, Alberto Giovanni and Numminen, Elina and Corander, Jukka and Foll, Matthieu and Dessimoz, Christophe},
  journal={PLoS computational biology},
  volume={9},
  number={1},
  pages={e1002803},
  year={2013},
  publisher={Public Library of Science}
}

@article{peters2012sequential,
  title={On sequential Monte Carlo, partial rejection control and approximate Bayesian computation},
  author={Peters, Gareth W and Fan, Yanan and Sisson, Scott A},
  journal={Statistics and Computing},
  volume={22},
  number={6},
  pages={1209--1222},
  year={2012},
  publisher={Springer}
}

@article{del2012adaptive,
  title={An adaptive sequential Monte Carlo method for approximate Bayesian computation},
  author={Del Moral, Pierre and Doucet, Arnaud and Jasra, Ajay},
  journal={Statistics and Computing},
  volume={22},
  number={5},
  pages={1009--1020},
  year={2012},
  publisher={Springer}
}

@book{cox2006principles,
  title={Principles of statistical inference},
  author={Cox, David Roxbee},
  year={2006},
  publisher={Cambridge university press}
}

@article{lenormand2013adaptive,
  title={Adaptive approximate Bayesian computation for complex models},
  author={Lenormand, Maxime and Jabot, Franck and Deffuant, Guillaume},
  journal={Computational Statistics},
  volume={28},
  number={6},
  pages={2777--2796},
  year={2013},
  publisher={Springer}
}

@article{wang2013parallel,
  title={A parallel reanalysis method based on approximate inverse matrix for complex engineering problems},
  author={Wang, Hu and Li, Enying and Li, Guangyao},
  journal={Journal of Mechanical Design},
  volume={135},
  number={8},
  pages={081001},
  year={2013},
  publisher={American Society of Mechanical Engineers}
}

@article{wang2017reanalysis,
  title={Reanalysis-based space mapping method, an alternative optimization way for expensive simulation-based problems},
  author={Wang, Hu and Fan, Tingxiang and Li, Guangyao},
  journal={Structural and Multidisciplinary Optimization},
  volume={55},
  number={6},
  pages={2143--2157},
  year={2017},
  publisher={Springer}
}

@article{shojaei2017analysis,
  title={Analysis and reanalysis of mechanical systems: concept of global near-regularity},
  author={Shojaei, Iman and Kaveh, Ali and Rahami, Hossein and Shirazi, Reza and Bazrgari, Babak},
  journal={Acta Mechanica},
  volume={228},
  number={4},
  pages={1445--1456},
  year={2017},
  publisher={Springer}
}

@article{nguyen2011adaptive,
  title={Adaptive analysis using the node-based smoothed finite element method (NS-FEM)},
  author={Nguyen-Thoi, T and Liu, GR and Nguyen-Xuan, H and Nguyen-Tran, C},
  journal={International Journal for Numerical Methods in Biomedical Engineering},
  volume={27},
  number={2},
  pages={198--218},
  year={2011},
  publisher={Wiley Online Library}
}

@article{song2014exact,
  title={An exact reanalysis algorithm for local non-topological high-rank structural modifications in finite element analysis},
  author={Song, Qi and Chen, Pu and Sun, Shuli},
  journal={Computers \& Structures},
  volume={143},
  pages={60--72},
  year={2014},
  publisher={Elsevier}
}

@article{ziehn2009gui,
  title={GUI--HDMR--A software tool for global sensitivity analysis of complex models},
  author={Ziehn, T and Tomlin, Alison S},
  journal={Environmental Modelling \& Software},
  volume={24},
  number={7},
  pages={775--785},
  year={2009},
  publisher={Elsevier}
}

@article{wang2017global,
  title={Global sensitivity analysis for fiber reinforced composite fiber path based on D-MORPH-HDMR algorithm},
  author={Wang, Hu and Chen, Liming and Ye, Fan and Chen, Lei},
  journal={Structural and Multidisciplinary Optimization},
  volume={56},
  number={3},
  pages={697--712},
  year={2017},
  publisher={Springer}
}

@inproceedings{dowding1998estimating,
  title={Estimating temperature-dependent thermal properties of carbon-carbon composite},
  author={Dowding, Kevin and Blackwell, Ben and Beck, James},
  booktitle={7th AIAA/ASME Joint Thermophysics and Heat Transfer Conference},
  pages={2933},
  year={1998}
}


@article{li2002practical,
  title={Practical approaches to construct RS-HDMR component functions},
  author={Li, Genyuan and Wang, Sheng-Wei and Rabitz, Herschel},
  journal={The Journal of Physical Chemistry A},
  volume={106},
  number={37},
  pages={8721--8733},
  year={2002},
  publisher={ACS Publications}
}


@article{massard2012estimation,
  title={Estimation of position-dependent transient heat source with the Kalman filter},
  author={Massard, H and Orlande, HRB and Fudym, O},
  journal={Inverse Problems in Science and Engineering},
  volume={20},
  number={7},
  pages={1079--1099},
  year={2012},
  publisher={Taylor \& Francis}
}

@article{bozzoli2011comparative,
  title={Comparative application of CGM and Wiener filtering techniques for the estimation of heat flux distribution},
  author={Bozzoli, Fabio and Rainieri, Sara},
  journal={Inverse problems in science and engineering},
  volume={19},
  number={4},
  pages={551--573},
  year={2011},
  publisher={Taylor \& Francis}
}

@article{doltsinis2001ordinary,
  title={On the ordinary distance between multivariate random systems in engineering},
  author={Doltsinis, Ioannis and Rau, Friedrich},
  journal={Computer methods in applied mechanics and engineering},
  volume={191},
  number={1-2},
  pages={133--156},
  year={2001},
  publisher={Elsevier}
}

@article{mocerino2018filtered,
  title={Filtered reciprocity functional approach to estimate internal heat transfer coefficients in 2D cylindrical domains using infrared thermography},
  author={Mocerino, Andrea and Cola{\c{c}}o, Marcelo J and Bozzoli, Fabio and Rainieri, Sara},
  journal={International Journal of Heat and Mass Transfer},
  volume={125},
  pages={1181--1195},
  year={2018},
  publisher={Elsevier}
}
